@article{silva2010redes,
  title={Redes neurais artificiais para engenharia e ci{\^e}ncias aplicadas},
  author={Silva, IN da and Spatti, Danilo Hernane and Flauzino, Rog{\'e}rio Andrade},
  journal={S{\~a}o Paulo: Artliber},
  pages={33--111},
  year={2010}
}